% TODO Encoding: UTF-8


